@article{Lake2015bpl,
    title={Human-level concept learning through probabilistic program induction},
    author={Lake, Brenden M and Salakhutdinov, Ruslan and Tenenbaum, Joshua B},
    journal={Science},
    volume={350},
    number={6266},
    pages={1332--1338},
    year={2015},
    publisher={AAAS}
}

@inproceedings{Finn2017maml,
    title={Model-agnostic meta-learning for fast adaptation of deep networks},
    author={Finn, Chelsea and Abbeel, Pieter and Levine, Sergey},
    booktitle={International conference on machine learning},
    pages={1126--1135},
    year={2017},
    organization={PMLR}
}

@inproceedings{Li2017metasgd,
    title={Meta-sgd: Learning to learn quickly for few-shot learning},
    author={Li, Zhenguo and Zhou, Fengwei and Chen, Fei and Li, Hang},
    booktitle={arXiv preprint arXiv:1707.09835},
    year={2017}
}

@inproceedings{Nichol2018firstorder,
    title={On first-order meta-learning algorithms},
    author={Nichol, Alex and Achiam, Joshua and Schulman, John},
    booktitle={arXiv preprint arXiv:1803.02999},
    year={2018}
}

@inproceedings{Kao2022contrastive,
  title={How Curvature Explain the Benefit of Second-Order Meta-Learning},
  author={Kao, Kuan-Yao and SAKAUE, Satoru and FUKUMIZU, Kenji and SUI, Chun-Liang},
  booktitle={The Eleventh International Conference on Learning Representations},
  year={2022}
}

@article{Goodman2008lot,
    title={Rational rules: A probabilistic approach to rule induction and hypothesis testing},
    author={Goodman, Noah D and Tenenbaum, Joshua B and Feldman, Jacob and Griffiths, Thomas L},
    journal={Cognitive Science},
    volume={32},
    number={5},
    pages={797--834},
    year={2008},
    publisher={Wiley Online Library}
}

@inproceedings{Vedantam2023curi,
    author    = {Rishabh Vedantam and
                 Viraj Prabhu and
                 Karina Nguyen and
                 Stefan Lee and
                 Dhruv Batra},
    title     = {{CURI:} A Benchmark for Productive Concept Learning Under Uncertainty},
    booktitle = {Advances in Neural Information Processing Systems 36},
    pages     = {1--17},
    year      = {2023},
    url       = {https://openreview.net/forum?id=hghnMqXhN8}
}

@article{Kingma2014adam,
  title={Adam: A method for stochastic optimization},
  author={Kingma, Diederik P and Ba, Jimmy},
  journal={arXiv preprint arXiv:1412.6980},
  year={2014}
} 